
@online{valve_corporation_steam_nodate,
	title = {Steam Hardware and Software Survey},
	url = {https://store.steampowered.com/hwsurvey},
	author = {{Valve Corporation}}
}

@software{sakurai_super_2018,
	title = {Super Smash Bros. Ultimate},
	version = {7.0},
	publisher = {Nintendo},
	author = {Sakurai, Masahiro},
	date = {2018-12-07}
}

@online{nintendo_ir_nodate,
	title = {{IR} Information: Sales Data - Top Selling Title Sales Units},
	url = {https://www.nintendo.co.jp/ir/en/finance/software/index.html},
	author = {{Nintendo}}
}

@software{sakurai_super_2001,
	title = {Super Smash Bros. Melee},
	version = {1.02},
	publisher = {Nintendo},
	author = {Sakurai, Masahiro},
	date = {2001-11-21}
}

@online{lee_haxs_2016,
	title = {Hax's retirement, and the uncertain world of esports injuries},
	url = {https://www.espn.com/esports/story/_/id/15428951/hax-retirement-why-injuries-smash-bros-melee-esports-problem-needs-solved},
	author = {Lee, Daniel},
	date = {2016-04-29}
}

@software{fornace_rivals_2017,
	title = {Rivals of Aether},
	version = {1.4.20},
	author = {Fornace, Dan},
	date = {2017-03-28}
}

@software{blue_mammoth_games_brawlhalla_2017,
	title = {Brawlhalla},
	version = {3.56},
	publisher = {Ubisoft},
	author = {{Blue Mammoth Games}},
	date = {2017-10-17}
}

@artwork{iwanaga_hearthstone_2015,
	title = {Hearthstone Challenge "Zapping Bird"},
	url = {https://cdna.artstation.com/p/assets/images/images/000/417/458/large/hendry-iwanaga-gnome-portrait-flat-lowres.jpg?1443931020},
	author = {Iwanaga, Hendry},
	date = {2015}
}

@artwork{blizzard_entertainment_inc_mean_2016,
	title = {Mean Streets Key Art},
	url = {https://blizzard.gamespress.com/Mean-Streets-of-Gadgetzan-Press-Kit},
	author = {{Blizzard Entertainment, Inc}},
	date = {2016-11-04}
}

@artwork{ribeiro_cesar_2019,
	title = {Cesar, The Mentor},
	url = {https://cdnb.artstation.com/p/assets/images/images/018/856/219/large/murillo-ribeiro-cesao.jpg?1560978845},
	author = {Ribeiro, Murillo},
	date = {2019-07}
}

@artwork{blizzard_entertainment_inc_don_2016,
	title = {Don Han-Cho},
	url = {https://blizzard.gamespress.com/Mean-Streets-of-Gadgetzan-Press-Kit},
	author = {{Blizzard Entertainment, Inc}},
	date = {2016-12-01}
}

@artwork{setiawan_mad_2015,
	title = {Mad Goblin Technician},
	url = {https://cdnb.artstation.com/p/assets/images/images/000/342/727/large/lie-setiawan-madgoblin-liesetiawanfb.jpg?1418005461},
	author = {Setiawan, Lie},
	date = {2015}
}

@artwork{stovbunskyi_university_2019,
	title = {University of Wizardry and Applied Magics},
	url = {https://cdnb.artstation.com/p/assets/images/images/020/518/835/large/vadim-stovbunsky-wschool-small.jpg?1568092064},
	author = {Stovbunskyi, Vadym},
	date = {2019-09}
}

@artwork{celikovic_book_2019,
	title = {Book Wyrm},
	url = {https://cdnb.artstation.com/p/assets/images/images/022/247/781/large/milica-celikovic-35-moje-umanjeno.jpg?1574693755},
	author = {Čeliković, Milica},
	date = {2019-12}
}

@online{orland_valve_2018,
	title = {Valve leaks Steam game player counts; we have the numbers},
	url = {https://arstechnica.com/gaming/2018/07/steam-data-leak-reveals-precise-player-count-for-thousands-of-games/},
	author = {Orland, Kyle},
	date = {2018-07-06}
}

@artwork{titlemax_top_nodate,
	title = {The Top 25 Highest-Grossing Media Franchises of All Time},
	author = {{Titlemax}}
}